@article {bensen_2007,
author = {Bensen, G. D. and Ritzwoller, M. H. and Barmin, M. P. and Levshin, A. L. and Lin, F. and Moschetti, M. P. and Shapiro, N. M. and Yang, Y.},
title = {Processing seismic ambient noise data to obtain reliable broad-band surface wave dispersion measurements},
journal = {Geophysical Journal International},
volume = {169},
number = {3},
publisher = {Blackwell Publishing Ltd},
issn = {1365-246X},
url = {http://dx.doi.org/10.1111/j.1365-246X.2007.03374.x},
doi = {10.1111/j.1365-246X.2007.03374.x},
pages = {1239--1260},
keywords = {seismic noise, seismic processing, surface waves, tomography},
year = {2007},
}